@online{BBoJ,
author = {Birgit Bertelsmeier},
title = {Tipps zum Schreiben einer Abschlussarbeit},
year = {oJ},
url = {http://lwibs01.gm.fh-koeln.de/blogs/bertelsmeier/files/2008/05/abschlussarbeitsbetreuung.pdf},
organization = {Fachhochschule Köln - Campus Gummersbach, Institut für Informatik},
urldate = {2013-10-29},
}
@online{HR08,
author = {Marion Halfmann and Hans Rühmann},
title = {Merkblatt zur Anfertigung von Projekt-, Bachelor-, Master- und Diplomarbeiten der Fakultät 10},
year = {2008},
url = {http://www.f10.fh-koeln.de/imperia/md/content/pdfs/studium/tipps/anleitungda270108.pdf},
organization = {Fachhochschule Köln - Campus Gummersbach},
urldate = {2013-10-29},
}
@book{SW11,
author = {Christine Stickel-Wolf and Joachim Wolf},
title = {Wissenschaftliches Lernen und Lerntechniken},
year = {2011},
subtitle = {Erfolgreich studieren–-gewusst wie!},
publisher = {Gabler},
location = {Wiesbaden},
}
% Bis hierher aus Vorlage

@book{CA18,
author = {Charu C. Aggarwal},
title = {Neural Networks and Deep Learning},
year = {2018},
isbn = {9783319944630},
subtitle = {A Textbook},
publisher = {Springer},
location = {Yorktown Heights, NY, USA},
}

@book{TR17,
author = {Tariq Rashid},
title = {Neuronale Netze selbst programmieren: Ein verst{\"a}ndlicher Einstieg mit Python},
year = {2017},
isbn={9783960101031},
publisher = {O'Reilly},
translator = {Frank Langenau},
location = {Yorktown Heights, NY, USA},
}

@book{GR10,
author = {Günter Daniel Rey und Karl F Wender},
title = {Neuronale Netze, eine Einführung in die Grundlagen, Amwemdung und Datenauswertung},
year = {2010},
isbn={9783456848815},
publisher = {Huber},
location = {Würzburg und Trier,DE},
}

@book{HS97,
author = {Hochreiter, S., & Schmidhuber},
title = {Flat minima. Neural Computation},
year = {1997},
isbn={online:1530-888X},
publisher = {Massachusetts Institute of Technology},
location = {Yorktown Heights, NY, USA},
url = {https://doi.org/10.1162/neco.1997.9.1.1}
}
@online{LH21,
author = {Linus Henning},
title = {Gradienten Verfahren zur Optimierung Neuronaler Netze},
organization = {Weierstraß-Institut für Angewandte Analysis und Stochastik},
location = {Berlin, Germany},
year = {2021},
url = {https://www.wias-berlin.de/people/john/BETREUUNG/bachelor_henning.pdf}
}
@book{MN19,
author = {Michael Nielsen},
title = {Neural Networks and Deep Learning},
year = {2015},
publisher = {Determination Press},
url = {http://neuralnetworksanddeeplearning.com/}
}
@article{BMDT16,
title={End to end learning for self-driving cars},
author={Bojarski, Mariusz and Del Testa, Davide and Dworakowski, Daniel and Firner, Bernhard and Flepp, Beat and Goyal, Prasoon and Jackel, Lawrence D and Monfort, Mathew and Muller, Urs and Zhang, Jiakai and others},
journal={arXiv preprint arXiv:1604.07316},
year={2016}
}
@article{VTY16,
title={Neural networks for computer-aided diagnosis in medicine: a review},
author={Vasilakos, Athanasios V and Tang, Yu and Yao, Yuanzhe and others},
journal={Neurocomputing},
volume={216},
pages={700--708},
year={2016},
publisher={Elsevier}
}
@inproceedings{YHCE18,
title={Graph convolutional neural networks for web-scale recommender systems},
author={Ying, Rex and He, Ruining and Chen, Kaifeng and Eksombatchai, Pong and Hamilton, William L and Leskovec, Jure},
booktitle={Proceedings of the 24th ACM SIGKDD international conference on knowledge discovery \& data mining},
pages={974--983},
year={2018}
}
@article{WCQS18,
title={A fast and robust convolutional neural network-based defect detection model in product quality control},
author={Wang, Tian and Chen, Yang and Qiao, Meina and Snoussi, Hichem},
journal={The International Journal of Advanced Manufacturing Technology},
volume={94},
pages={3465--3471},
year={2018},
publisher={Springer}
}
@article{CJLV15,
title={Listen, attend and spell},
author={Chan, William and Jaitly, Navdeep and Le, Quoc V and Vinyals, Oriol},
journal={arXiv preprint arXiv:1508.01211},
year={2015}
}
@article{KSH17,
title={Imagenet classification with deep convolutional neural networks},
author={Krizhevsky, Alex and Sutskever, Ilya and Hinton, Geoffrey E},
journal={Communications of the ACM},
volume={60},
number={6},
pages={84--90},
year={2017},
publisher={AcM New York, NY, USA}
}
